@article{aldiab2019,
  title={Utilization of learning management systems (LMSs) in higher education system: A case review for Saudi Arabia},
  author={Aldiab, Abdulaziz and Chowdhury, Harun and Kootsookos, Alex and Alam, Firoz and Allhibi, Hamed},
  journal={Energy Procedia},
  volume={160},
  pages={731--737},
  year={2019},
  publisher={Elsevier},
  doi={10.1016/j.egypro.2019.02.186}
}

@report{markets2021,
  title={E-Learning Market - Global Forecast to 2026},
  author={{Markets and Markets}},
  year={2021},
  url={https://www.marketsandmarkets.com/Market-Reports/e-learning-market-187246590.html}
}

@article{kim2020,
  title={A study on the development of a university e-learning model in a post COVID-19 era},
  author={Kim, Hye-Jung and Hong, Ah-Jeong and Song, Hae-Deok},
  journal={Journal of Educational Technology},
  volume={36},
  number={3},
  pages={885--914},
  year={2020},
  doi={10.17232/KSET.36.3.885}
}

@inproceedings{turnbull2019,
  title={A comparative analysis of institutional learning management system usage},
  author={Turnbull, Darren and Chugh, Ritesh and Luck, Jo},
  booktitle={Proceedings of the 2019 InSITE Conference},
  pages={15--34},
  year={2019},
  doi={10.28945/4319}
}

@article{deng2019,
  title={Mastering business models for academic entrepreneurs: A systematic review of entrepreneurship literature in education context},
  author={Deng, Ruiying and Benckendorff, Pierre and Gannaway, Deanne},
  journal={Journal of Education for Business},
  volume={94},
  number={8},
  pages={472--482},
  year={2019},
  publisher={Taylor \& Francis},
  doi={10.1080/08832323.2018.1551647}
}

@article{hwang2018,
  title={Effects of an online-based adaptive learning environment on students' learning achievement and cognitive load},
  author={Hwang, Gwo-Jen and Sung, Han-Yu and Chang, Chun-Ming and Huang, Xiang-Cheng},
  journal={Interactive Learning Environments},
  volume={28},
  number={7},
  pages={820--833},
  year={2020},
  publisher={Taylor \& Francis},
  doi={10.1080/10494820.2018.1542866}
}

@article{cavus2015,
  title={Distance learning and learning management systems},
  author={Cavus, Nadire},
  journal={Procedia-Social and Behavioral Sciences},
  volume={191},
  pages={872--877},
  year={2015},
  publisher={Elsevier},
  doi={10.1016/j.sbspro.2015.04.611}
}

@report{dahlstrom2014,
  title={ECAR study of undergraduate students and information technology},
  author={Dahlstrom, Eden and Walker, J. D. and Dziuban, Charles},
  institution={EDUCAUSE Center for Analysis and Research},
  year={2014},
  url={https://library.educause.edu/-/media/files/library/2014/10/ers1406-pdf.pdf}
}

@book{kats2013,
  title={Learning management systems and instructional design: Best practices in online education},
  author={Kats, Yefim},
  year={2013},
  publisher={IGI Global},
  address={Hershey, PA},
  isbn={9781466639300}
}

@article{rhode2017,
  title={Navigating learning management systems: The next generation of the learning management system},
  author={Rhode, Jason and Richter, Stephanie and Gowen, Peter and Wills, Trey and Hillman, Brianna},
  journal={Quarterly Review of Distance Education},
  volume={18},
  number={3},
  pages={17--22},
  year={2017}
}

@article{lieberman2018,
  title={How colleges navigate the LMS transition},
  author={Lieberman, Mark},
  journal={Inside Higher Ed},
  year={2018},
  url={https://www.insidehighered.com/digital-learning/article/2018/07/25/lms-transition-study}
}

@inproceedings{goel2019,
  title={Trends in e-learning business model innovation},
  author={Goel, Ashish and Rehman, Shahzada},
  booktitle={2019 International Conference on Advanced Learning Technologies},
  pages={18--22},
  year={2019},
  organization={IEEE},
  doi={10.1109/ICALT.2019.00014}
}

@article{arasil2018,
  title={Security considerations for e-payment systems},
  author={Arasil, Mehmet and Koksal, Arda},
  journal={Journal of Internet Banking and Commerce},
  volume={23},
  number={3},
  pages={1--22},
  year={2018}
}

@inproceedings{jayakumar2020,
  title={A comprehensive survey on secure payment channels in e-commerce},
  author={Jayakumar, K and Balasubramanian, M and Ali, Rahim and Muthukumar, G},
  booktitle={International Conference on Systems, Computation, Automation and Networking},
  pages={1--6},
  year={2020},
  organization={IEEE},
  doi={10.1109/ICSCAN49426.2020.9262372}
}

@article{li2019,
  title={Educational blockchain-based payment systems with credit services},
  author={Li, Chengruibin and Guo, Shanshan and Cao, Feng and Wang, Zhihao and Choo, Kim-Kwang Raymond},
  journal={IEEE Transactions on Computational Social Systems},
  volume={6},
  number={4},
  pages={739--748},
  year={2019},
  publisher={IEEE},
  doi={10.1109/TCSS.2019.2924633}
}

@inproceedings{papadakis2018,
  title={Open source learning management systems: A critical review of Moodle, Open edX, Sakai, Canvas, and Chamilo},
  author={Papadakis, Stamatios and Kalogiannakis, Michail and Sifaki, Eirini and Vidakis, Nikolas},
  booktitle={International Conference on Interactive Collaborative Learning},
  pages={302--313},
  year={2018},
  organization={Springer},
  doi={10.1007/978-3-030-11935-5_29}
}

@article{alturki2016,
  title={A systematic review of personalized learning: Comparison between e-learning and learning by schooling},
  author={Alturki, Uthman and Aldraiweesh, Ahmed},
  journal={Journal of Education and Learning},
  volume={5},
  number={3},
  pages={91--106},
  year={2016},
  doi={10.5539/jel.v5n3p91}
}

@article{severance2012,
  title={Teaching the world: Daphne Koller and Coursera},
  author={Severance, Charles},
  journal={Computer},
  volume={45},
  number={8},
  pages={8--9},
  year={2012},
  publisher={IEEE},
  doi={10.1109/MC.2012.278}
}

@inproceedings{wong2016,
  title={A framework for user interface design and evaluation in learning management system},
  author={Wong, Chui Yin and Khong, Chee Weng and Chu, Kimberly},
  booktitle={International Conference on Applied Human Factors and Ergonomics},
  pages={99--108},
  year={2016},
  organization={Springer},
  doi={10.1007/978-3-319-41947-3_10}
}

@article{martin2017,
  title={A systematic literature review of accessibility and usability design issues for learning management systems},
  author={Martin, Peter and Olfman, Lorne and Burkey, Jacobus},
  journal={Journal of Information Systems Education},
  volume={28},
  number={1},
  pages={19--38},
  year={2017}
}

@article{shah2020,
  title={The economics of MOOC platforms: Instructors' perceptions and incentives},
  author={Shah, Dhawal},
  journal={Class Central Report},
  year={2020},
  url={https://www.classcentral.com/report/economics-mooc-instructor-perceptions}
}

@article{li2019a,
  title={Platform-based creative economy: Subscription business models in digital platforms},
  author={Li, Hong-mei and Fang, Albert},
  journal={Journal of Strategic Management Education},
  volume={15},
  pages={85--94},
  year={2019}
}

@article{morris2021,
  title={Educator perspectives on online course content monetization: A qualitative study},
  author={Morris, Jessica},
  journal={Technology, Knowledge and Learning},
  volume={26},
  number={2},
  pages={341--358},
  year={2021},
  publisher={Springer},
  doi={10.1007/s10758-020-09475-1}
}

@article{means2015,
  title={Online learning in postsecondary education: A review of the empirical literature (2013-2014)},
  author={Means, Barbara and Bakia, Marianne and Murphy, Robert},
  journal={Ithaka S+R},
  year={2015},
  url={https://doi.org/10.18665/sr.221027}
}

@article{dhawan2020,
  title={Online learning: A panacea in the time of COVID-19 crisis},
  author={Dhawan, Shivangi},
  journal={Journal of Educational Technology Systems},
  volume={49},
  number={1},
  pages={5--22},
  year={2020},
  publisher={SAGE Publications Sage CA: Los Angeles, CA},
  doi={10.1177/0047239520934018}
}

@article{trust2018,
  title={Teachers' perceptions of the quality and importance of course content in learning management systems},
  author={Trust, Torrey and Krutka, Daniel G and Carpenter, Jeffrey P},
  journal={TechTrends},
  volume={62},
  number={4},
  pages={400--409},
  year={2018},
  publisher={Springer},
  doi={10.1007/s11528-018-0267-8}
}

@article{hevner2004,
  title={Design science in information systems research},
  author={Hevner, Alan R and March, Salvatore T and Park, Jinsoo and Ram, Sudha},
  journal={MIS Quarterly},
  volume={28},
  number={1},
  pages={75--105},
  year={2004},
  publisher={JSTOR},
  doi={10.2307/25148625}
}

@article{dingsoyr2012,
  title={A decade of agile methodologies: Towards explaining agile software development},
  author={Dings√∏yr, Torgeir and Nerur, Sridhar and Balijepally, VenuGopal and Moe, Nils Brede},
  journal={Journal of Systems and Software},
  volume={85},
  number={6},
  pages={1213--1221},
  year={2012},
  publisher={Elsevier},
  doi={10.1016/j.jss.2012.02.033}
}

@article{nielsen1994,
  title={Enhancing the explanatory power of usability heuristics},
  author={Nielsen, Jakob},
  booktitle={Proceedings of the SIGCHI conference on Human Factors in Computing Systems},
  pages={152--158},
  year={1994},
  organization={ACM},
  doi={10.1145/191666.191729}
}

@inproceedings{krasner1988,
  title={A description of the model-view-controller user interface paradigm in the smalltalk-80 system},
  author={Krasner, Glenn E and Pope, Stephen T},
  booktitle={Journal of object oriented programming},
  volume={1},
  number={3},
  pages={26--49},
  year={1988}
}

@article{simpson2010,
  title={Security in the design of web-based learning management systems},
  author={Simpson, Andrew and Nilsson, Jimmy},
  journal={E-Learning and Digital Media},
  volume={7},
  number={3},
  pages={284--298},
  year={2010},
  publisher={SAGE Publications Sage UK: London, England},
  doi={10.2304/elea.2010.7.3.284}
}

@inproceedings{leff2001,
  title={Web-application development using the model/view/controller design pattern},
  author={Leff, Avraham and Rayfield, James T},
  booktitle={Proceedings Fifth IEEE International Enterprise Distributed Object Computing Conference},
  pages={118--127},
  year={2001},
  organization={IEEE},
  doi={10.1109/EDOC.2001.950428}
}

@article{nielsen2009,
  title={Website response times},
  author={Nielsen, Jakob},
  journal={Nielsen Norman Group},
  year={2009},
  url={https://www.nngroup.com/articles/website-response-times/}
}